<?xml version="1.0" encoding="UTF-8"?><collection xmlns="http://www.loc.gov/MARC21/slim"><record><leader>00609nam--2200181-i-4500</leader><controlfield tag="001">000049791</controlfield><controlfield tag="002">20161230</controlfield><controlfield tag="005">20161230201047</controlfield><controlfield tag="008">060222s1000------------r-----000-0-eng-d</controlfield><datafield ind1=" " ind2=" " tag="040"><subfield code="a">IFIN-HH</subfield></datafield><datafield ind1=" " ind2=" " tag="080"><subfield code="a">539.12.162.8(061.3)</subfield></datafield><datafield ind1="1" ind2=" " tag="100"><subfield code="a">Ganguli, S. N</subfield></datafield><datafield ind1="1" ind2="0" tag="245"><subfield code="a">Iv high energy physics symposium</subfield><subfield code="b">Proceedings of the iv high energy physics symposium jaipur, rajasthan december 5-9, 1978</subfield><subfield code="c">S.n. ganguli, p.k. malhotra (eds.)</subfield></datafield><datafield ind1=" " ind2=" " tag="260"><subfield code="a">Bombay</subfield><subfield code="b">Tata Institute Of Fundamental Research</subfield><subfield code="c">1978</subfield></datafield><datafield ind1=" " ind2=" " tag="300"><subfield code="a">V+408P</subfield></datafield><datafield ind1="1" ind2=" " tag="700"><subfield code="a">Malhotra, P. K</subfield><subfield code="e">Ed</subfield></datafield><datafield ind1=" " ind2=" " tag="852"><subfield code="a">46986</subfield><subfield code="c">539.12</subfield></datafield><datafield ind1=" " ind2=" " tag="CAT"><subfield code="a">Sys</subfield><subfield code="c">20111206</subfield><subfield code="h">140849</subfield></datafield></record></collection>